<?xml version="1.0" encoding="UTF-8"?><collection><record><leader>08026ntm a2200637 a 4500</leader><controlfield tag="001">006834687</controlfield><controlfield tag="003">MiAaHDL</controlfield><controlfield tag="005">20191012000000.0</controlfield><controlfield tag="006">m        d        </controlfield><controlfield tag="007">cr bn ---auaua</controlfield><controlfield tag="008">090707q15801620xx            00| ||ara d</controlfield><datafield tag="035" ind1=" " ind2=" "><subfield code="a">(MiU)006834687</subfield></datafield><datafield tag="035" ind1=" " ind2=" "><subfield code="a">sdr-miu006834687</subfield></datafield><datafield tag="040" ind1=" " ind2=" "><subfield code="a">MiU</subfield><subfield code="c">MiU</subfield><subfield code="e">amremm</subfield></datafield><datafield tag="043" ind1=" " ind2=" "><subfield code="a">n-us-mi</subfield></datafield><datafield tag="100" ind1="1" ind2=" "><subfield code="6">880-01</subfield><subfield code="a">Ibn ʻAṭāʼ Allāh, Aḥmad ibn Muḥammad,</subfield><subfield code="d">-1309.</subfield></datafield><datafield tag="240" ind1="1" ind2="0"><subfield code="6">880-02</subfield><subfield code="a">Laṭāʼif al-minan</subfield></datafield><datafield tag="245" ind1="1" ind2="0"><subfield code="6">880-03</subfield><subfield code="a">Kitāb Laṭāʼif al-minan fī manāqib Abī al-ʻAbbās wa-shaykhih Abī al-Ḥasan,</subfield><subfield code="f">[late 16th or early 17th century?].</subfield></datafield><datafield tag="246" ind1="3" ind2=" "><subfield code="i">Edge title (tail):</subfield><subfield code="a">كتاب لطائف المنن</subfield></datafield><datafield tag="260" ind1=" " ind2=" "><subfield code="c">[1580-1620].</subfield></datafield><datafield tag="300" ind1=" " ind2=" "><subfield code="a">116 leaves :</subfield><subfield code="b">paper ;</subfield><subfield code="c">227 x 158 (150 x 90) mm.</subfield></datafield><datafield tag="500" ind1=" " ind2=" "><subfield code="a">Shelfmark: Ann Arbor, University of Michigan, Special Collections Research Center, Isl. Ms. 1029</subfield></datafield><datafield tag="500" ind1=" " ind2=" "><subfield code="a">Origin: Lacks dated colophon ; hand, paper, etc. would suggest late 16th or early 17th century.</subfield></datafield><datafield tag="500" ind1=" " ind2=" "><subfield code="a">Accompanying materials: Slip with notes in hand of Jameson [?] in pencil and red ink "MAKDISI – II | Laṭāʼif al-Matn | Keep this slip with book. 116 leaves | 21 1/2 cm."</subfield></datafield><datafield tag="500" ind1=" " ind2=" "><subfield code="a">Former shelfmark: Mich. Isl. Ms. temp. no. 178</subfield></datafield><datafield tag="500" ind1=" " ind2=" "><subfield code="a">Binding: Pasteboards covered in dark red-brown leather ; Type II binding (with flap, now lost) ; board linings in pink-tinted laid paper ; upper and lower covers carry blind-stamped mandorla (filled with vegetal composition reminiscent of Déroche. class. OAi2) and border in a series of blind rules ; sewn in cream thread, two stations, mainly broken, nearly all bifolia loose ; overall in poor condition with flap lost, significant pest damage, some abrasion, lifting and losses of leather, upper cover detaching, etc. ; housed in box for protection.</subfield></datafield><datafield tag="500" ind1=" " ind2=" "><subfield code="a">Support: European laid paper of at least two types ; one type with 8 laid lines per cm. (vertical), chain lines spaced 29 mm. apart (horizontal), and anchor in circle watermark with leaf above (see pp.3-4, 88-89, etc., roughly 70 mm. tall, compare no.125, etc. in Nikolaev, Watermarks of the Ottoman Empire, v.1) ; another type with 8 laid lines per cm. (vertical), chain lines spaced 25-27 mm. apart and anchor in circle watermark with trevoil above (60 mm. tall, see pp.28-29) ; countermarks include "Vd" (p.48) and "PS" (p.188) ; severe pest damage.</subfield></datafield><datafield tag="500" ind1=" " ind2=" "><subfield code="a">Decoration: Keywords and section headings rubricated ; textual dividers in the form of inverted commas in red.</subfield></datafield><datafield tag="500" ind1=" " ind2=" "><subfield code="a">Script: Naskh ; clear Egyptian hand in a medium line ; serifless with very slight effect of tilt to the left, pointing in distinct dots, alif maqṣūrah often pointed as yāʼ, the lām alif al-warrāqīyah used extensively, partially vocalized.</subfield></datafield><datafield tag="500" ind1=" " ind2=" "><subfield code="a">Layout: Written in 21 lines per page ; frame-ruled.</subfield></datafield><datafield tag="500" ind1=" " ind2=" "><subfield code="a">Collation: 11 V (110), III (116) ; almost exclusively quinions ; catchwords present ; foliation in pencil, Western numerals ; pagination in pencil, Western numerals, supplied during digitization (skips two pages between pp.15-16).</subfield></datafield><datafield tag="500" ind1=" " ind2=" "><subfield code="a">Explicit: "كذاك جميع من واليت فيكم ووالاني باجزال النصيب نجز الكتاب المبارك بحمد الله حق حمده وصلواته على سيدنا محمد واله وصحبه وسلم وحسبنا الله ونعم الوكيل ولا حول ولا قوة الا بالله العلي العظيم "</subfield></datafield><datafield tag="500" ind1=" " ind2=" "><subfield code="a">Incipit: "قال الشيخ الامام العالم العامل ... تاج الدين ابو العباس احمد بن الشيخ الامام العالم العامل مفتي المسلمين فخر الدين ابي بكر محمد بن الشيخ الفقيه الامام العالم العامل مفتي المسلمين رشيد الدين عبد الكريم بن عطا الله الاسكندري ... الحمد لله الذي فتح لاوليائه باب محبته وانشط نفوسهم من عقال القطعة ... اما بعد فاني قصدت في هذا الكتاب ان اذكر جملا من فضائل سيدنا ومولانا الامام قطب العارفين ... شهاب الدين ابو العباس احمد بن عمر الانصاري المرسي ... واذكر شيخه الذي اخذ عنه ومنازلاته التي نقلت عنه او سمعتها منه وكراماته وعلومه واسراره ومعاملاته مع الله سبحانه ... وما نقله عن شيخه الشيخ ابي الحسن الشاذلي ..."</subfield></datafield><datafield tag="500" ind1=" " ind2=" "><subfield code="a">Title from inscription on 'title page' (p.3).</subfield></datafield><datafield tag="500" ind1=" " ind2=" "><subfield code="a">Ms. codex.</subfield></datafield><datafield tag="510" ind1="4" ind2=" "><subfield code="a">Déroche, François, et al. Islamic Codicology: An Introduction to the Study of Manuscripts in Arabic Script. London: Al-Furqān Islamic Heritage Foundation, 2006.</subfield></datafield><datafield tag="510" ind1="3" ind2=" "><subfield code="a">Nikolaev, Vsevolod. Watermarks of the mediaeval Ottoman documents in Bulgarian libraries. In Watermarks of the Ottoman Empire, volume 1. Sofia: Bulgarian Academy of Sciences, 1954.</subfield></datafield><datafield tag="510" ind1="4" ind2=" "><subfield code="a">Mojtaba'i, Fathollah. "Abū al-ʻAbbās al-Mursī." In Encyclopaedia Islamica,</subfield><subfield code="c">vol.1, p.402, col.2</subfield></datafield><datafield tag="510" ind1="4" ind2=" "><subfield code="a">Brockelmann, C. GAL,</subfield><subfield code="c">S II 145</subfield></datafield><datafield tag="510" ind1="4" ind2=" "><subfield code="a">Brockelmann, C. GAL,</subfield><subfield code="c">II 117</subfield></datafield><datafield tag="520" ind1="8" ind2=" "><subfield code="a">Fine copy of the treatise in ten bābs and a khātimah (comprised of al-Lāmiʻah al-munīrah wa-al-durrah al-khaṭīrah, al-Waṣīyah al-maktūb bihā ilá ikhwāninā bi-al-Iskandarīyah, and al-Qaṣīdah) on the lives and spiritual teachings of al-Shaykh Abū al-ʻAbbās al-Mursī (d.1287) and his shaykh, the founding shaykh of the Shādhilī ṭarīqah, Abū al-Ḥasan al-Shādhilī (d. 1258).</subfield></datafield><datafield tag="538" ind1=" " ind2=" "><subfield code="a">Mode of access: Internet.</subfield></datafield><datafield tag="541" ind1=" " ind2=" "><subfield code="c">Purchase ;</subfield><subfield code="a">Purchased from Librairie Tunisienne by Mr. Sulaiman ;</subfield><subfield code="d">Received: 1967 ;</subfield><subfield code="e">(Sulaiman 623379-221)</subfield></datafield><datafield tag="546" ind1=" " ind2=" "><subfield code="a">Arabic.</subfield></datafield><datafield tag="561" ind1=" " ind2=" "><subfield code="a">Kabīkaj (here kaykataj) invocation "يا كيكتج احفظ من السوس" in Maghribī script on recto of opening leaf (p.1) ; assorted excerpts in Maghribī script on verso of opening leaf (p.2), final leaves and back flyleaf (p.226-229) ; former owners' marks on 'title page' (p.3) include small circular or oval seal impression (mainly effaced but likely reads "ما شاء الله لا قوة الا بالله," see Déroche et al, Islamic codicology, p.341 no.133 and compare instance in Sprenger 1056 Staatsbibliothek zu Berlin and others [contribution provided by Boris Liebrenz]), large oval seal impression (mainly effaced but likely reads "من متملكات الفقير عني الحاج مصطفى صدقي غفر له," in name of the Ottoman bibliophile Muṣṭafá Ṣidqī / d.1769 or 7, see Déroche et al, Islamic codicology, p.341 no.133 and compare instance in Sprenger 1056 Staatsbibliothek zu Berlin and others [contribution provided by Boris Liebrenz]), and ownership / purchase statement in name of Muḥammad al-Shādhilī ibn Maḥmūd ( محمد الشاذلي بن محمود ) ; UM Library inscription on p.5 "General Library | 623379-221 | Librairie Tunisienne | 5-12-67" ; marginal corrections.</subfield></datafield><datafield tag="600" ind1="1" ind2="0"><subfield code="a">Shādhilī, Abū al-Ḥasan ʻAlī ibn ʻAbd Allāh,</subfield><subfield code="d">approximately 1196-1258.</subfield></datafield><datafield tag="600" ind1="1" ind2="0"><subfield code="a">Abū al-ʻAbbās al-Mursī, Shihāb al-Dīn Aḥmad ibn ʻUmar,</subfield><subfield code="d">d. 1287.</subfield></datafield><datafield tag="650" ind1=" " ind2="0"><subfield code="a">Manuscripts, Arabic</subfield><subfield code="z">Michigan</subfield><subfield code="z">Ann Arbor.</subfield></datafield><datafield tag="650" ind1=" " ind2="0"><subfield code="a">Sufism</subfield><subfield code="x">Doctrines</subfield><subfield code="v">Early works to 1800.</subfield></datafield><datafield tag="650" ind1=" " ind2="0"><subfield code="a">Shādhilīyah</subfield><subfield code="v">Early works to 1800.</subfield></datafield><datafield tag="700" ind1="0" ind2=" "><subfield code="6">880-07</subfield><subfield code="a">Muṣṭafá Ṣidqī,</subfield><subfield code="d">d. 1769 or 7,</subfield><subfield code="e">former owner.</subfield></datafield><datafield tag="773" ind1="0" ind2=" "><subfield code="a">Sulaiman Purchase Collection.</subfield></datafield><datafield tag="880" ind1="0" ind2=" "><subfield code="6">700-07/</subfield><subfield code="a">مصطفى صدقى،</subfield><subfield code="e">مالك سابق.</subfield></datafield><datafield tag="880" ind1="1" ind2="0"><subfield code="6">245-03/</subfield><subfield code="a">كتاب لطائف المنن في مناقب ابي العباس وشيخه ابي الحسن,</subfield><subfield code="f">[اواخر القرن 16م او اوائل القرن 17م؟].</subfield></datafield><datafield tag="880" ind1="1" ind2="0"><subfield code="6">240-02/</subfield><subfield code="a">لطائف المنن</subfield></datafield><datafield tag="880" ind1="1" ind2=" "><subfield code="6">100-01/</subfield><subfield code="a">ابن عطاء الله، أحمد بن محمد.</subfield></datafield><datafield tag="CID" ind1=" " ind2=" "><subfield code="a">006834687</subfield></datafield><datafield tag="DAT" ind1="0" ind2=" "><subfield code="a">20191012040316.0</subfield><subfield code="b">20191012000000.0</subfield></datafield><datafield tag="DAT" ind1="1" ind2=" "><subfield code="a">20191012090510.0</subfield><subfield code="b">2019-10-12T16:09:59Z</subfield></datafield><datafield tag="DAT" ind1="2" ind2=" "><subfield code="a">2015-10-02T18:00:03Z</subfield></datafield><datafield tag="CAT" ind1=" " ind2=" "><subfield code="a">SDR-MIU</subfield><subfield code="d">EX LIBRIS - ALEPH</subfield><subfield code="l">prepare.pl-004-008</subfield></datafield><datafield tag="FMT" ind1=" " ind2=" "><subfield code="a">BK</subfield></datafield><datafield tag="HOL" ind1=" " ind2=" "><subfield code="0">sdr-miu006834687</subfield><subfield code="a">MiU</subfield><subfield code="b">SDR</subfield><subfield code="c">MIU</subfield><subfield code="p">mdp.39015079132166</subfield><subfield code="s">MIU</subfield><subfield code="1">006834687</subfield></datafield><datafield tag="974" ind1=" " ind2=" "><subfield code="b">MIU</subfield><subfield code="c">MIU</subfield><subfield code="d">20191012</subfield><subfield code="s">lit-dlps-dc</subfield><subfield code="u">mdp.39015079132166</subfield><subfield code="y">1620</subfield><subfield code="r">pd</subfield><subfield code="q">bib</subfield><subfield code="t">non-US bib date2 &lt; 1896</subfield></datafield></record></collection>